@Manual{R-base,
  title = {R: A Language and Environment for Statistical Computing},
  author = {{R Core Team}},
  organization = {R Foundation for Statistical Computing},
  address = {Vienna, Austria},
  year = {2021},
  url = {https://www.R-project.org/},
}

@Manual{R-bookdown,
  title = {bookdown: Authoring Books and Technical Documents with R Markdown},
  author = {Yihui Xie},
  year = {2021},
  note = {R package version 0.24},
  url = {https://CRAN.R-project.org/package=bookdown},
}

@Manual{R-dplyr,
  title = {dplyr: A Grammar of Data Manipulation},
  author = {Hadley Wickham and Romain François and Lionel Henry and Kirill Müller},
  year = {2021},
  note = {R package version 1.0.7},
  url = {https://CRAN.R-project.org/package=dplyr},
}

@Manual{R-forcats,
  title = {forcats: Tools for Working with Categorical Variables (Factors)},
  author = {Hadley Wickham},
  year = {2021},
  note = {R package version 0.5.1},
  url = {https://CRAN.R-project.org/package=forcats},
}

@Manual{R-ggplot2,
  title = {ggplot2: Create Elegant Data Visualisations Using the Grammar of Graphics},
  author = {Hadley Wickham and Winston Chang and Lionel Henry and Thomas Lin Pedersen and Kohske Takahashi and Claus Wilke and Kara Woo and Hiroaki Yutani and Dewey Dunnington},
  year = {2021},
  note = {R package version 3.3.5},
  url = {https://CRAN.R-project.org/package=ggplot2},
}

@Manual{R-knitr,
  title = {knitr: A General-Purpose Package for Dynamic Report Generation in R},
  author = {Yihui Xie},
  year = {2021},
  note = {R package version 1.36},
  url = {https://yihui.org/knitr/},
}

@Manual{R-purrr,
  title = {purrr: Functional Programming Tools},
  author = {Lionel Henry and Hadley Wickham},
  year = {2020},
  note = {R package version 0.3.4},
  url = {https://CRAN.R-project.org/package=purrr},
}

@Manual{R-readr,
  title = {readr: Read Rectangular Text Data},
  author = {Hadley Wickham and Jim Hester},
  year = {2021},
  note = {R package version 2.0.2},
  url = {https://CRAN.R-project.org/package=readr},
}

@Manual{R-readxl,
  title = {readxl: Read Excel Files},
  author = {Hadley Wickham and Jennifer Bryan},
  year = {2019},
  note = {R package version 1.3.1},
  url = {https://CRAN.R-project.org/package=readxl},
}

@Manual{R-rmarkdown,
  title = {rmarkdown: Dynamic Documents for R},
  author = {JJ Allaire and Yihui Xie and Jonathan McPherson and Javier Luraschi and Kevin Ushey and Aron Atkins and Hadley Wickham and Joe Cheng and Winston Chang and Richard Iannone},
  year = {2021},
  note = {R package version 2.11},
  url = {https://CRAN.R-project.org/package=rmarkdown},
}

@Manual{R-stringr,
  title = {stringr: Simple, Consistent Wrappers for Common String Operations},
  author = {Hadley Wickham},
  year = {2019},
  note = {R package version 1.4.0},
  url = {https://CRAN.R-project.org/package=stringr},
}

@Manual{R-tibble,
  title = {tibble: Simple Data Frames},
  author = {Kirill Müller and Hadley Wickham},
  year = {2021},
  note = {R package version 3.1.5},
  url = {https://CRAN.R-project.org/package=tibble},
}

@Manual{R-tidyr,
  title = {tidyr: Tidy Messy Data},
  author = {Hadley Wickham},
  year = {2021},
  note = {R package version 1.1.4},
  url = {https://CRAN.R-project.org/package=tidyr},
}

@Manual{R-tidyverse,
  title = {tidyverse: Easily Install and Load the Tidyverse},
  author = {Hadley Wickham},
  year = {2021},
  note = {R package version 1.3.1},
  url = {https://CRAN.R-project.org/package=tidyverse},
}

@Book{bookdown2016,
  title = {bookdown: Authoring Books and Technical Documents with {R} Markdown},
  author = {Yihui Xie},
  publisher = {Chapman and Hall/CRC},
  address = {Boca Raton, Florida},
  year = {2016},
  note = {ISBN 978-1138700109},
  url = {https://bookdown.org/yihui/bookdown},
}

@Book{ggplot22016,
  author = {Hadley Wickham},
  title = {ggplot2: Elegant Graphics for Data Analysis},
  publisher = {Springer-Verlag New York},
  year = {2016},
  isbn = {978-3-319-24277-4},
  url = {https://ggplot2.tidyverse.org},
}

@Book{knitr2015,
  title = {Dynamic Documents with {R} and knitr},
  author = {Yihui Xie},
  publisher = {Chapman and Hall/CRC},
  address = {Boca Raton, Florida},
  year = {2015},
  edition = {2nd},
  note = {ISBN 978-1498716963},
  url = {https://yihui.org/knitr/},
}

@InCollection{knitr2014,
  booktitle = {Implementing Reproducible Computational Research},
  editor = {Victoria Stodden and Friedrich Leisch and Roger D. Peng},
  title = {knitr: A Comprehensive Tool for Reproducible Research in {R}},
  author = {Yihui Xie},
  publisher = {Chapman and Hall/CRC},
  year = {2014},
  note = {ISBN 978-1466561595},
  url = {http://www.crcpress.com/product/isbn/9781466561595},
}

@Book{rmarkdown2018,
  title = {R Markdown: The Definitive Guide},
  author = {Yihui Xie and J.J. Allaire and Garrett Grolemund},
  publisher = {Chapman and Hall/CRC},
  address = {Boca Raton, Florida},
  year = {2018},
  note = {ISBN 9781138359338},
  url = {https://bookdown.org/yihui/rmarkdown},
}

@Book{rmarkdown2020,
  title = {R Markdown Cookbook},
  author = {Yihui Xie and Christophe Dervieux and Emily Riederer},
  publisher = {Chapman and Hall/CRC},
  address = {Boca Raton, Florida},
  year = {2020},
  note = {ISBN 9780367563837},
  url = {https://bookdown.org/yihui/rmarkdown-cookbook},
}

@Article{tidyverse2019,
  title = {Welcome to the {tidyverse}},
  author = {Hadley Wickham and Mara Averick and Jennifer Bryan and Winston Chang and Lucy D'Agostino McGowan and Romain François and Garrett Grolemund and Alex Hayes and Lionel Henry and Jim Hester and Max Kuhn and Thomas Lin Pedersen and Evan Miller and Stephan Milton Bache and Kirill Müller and Jeroen Ooms and David Robinson and Dana Paige Seidel and Vitalie Spinu and Kohske Takahashi and Davis Vaughan and Claus Wilke and Kara Woo and Hiroaki Yutani},
  year = {2019},
  journal = {Journal of Open Source Software},
  volume = {4},
  number = {43},
  pages = {1686},
  doi = {10.21105/joss.01686},
}

@article{bassett2000,
	title = {Limiting factors for maximum oxygen uptake and determinants of endurance performance},
	author = {Bassett, David R. Jr Edward T. Howley},
	year = {2000},
	month = {01},
	date = {2000-01},
	journal = {Medicine & Science in Sports & Exercise},
	pages = {70},
	volume = {32},
	number = {1},
	url = {https://journals.lww.com/acsm-msse/Fulltext/2000/01000/Limiting_factors_for_maximum_oxygen_uptake_and.12.aspx},
	langid = {canadian}
}

@article{hopkins2000,
	title = {Measures of reliability in sports medicine and science},
	author = {Hopkins, W. G.},
	year = {2000},
	month = {07},
	date = {2000-07},
	journal = {Sports Medicine (Auckland, N.Z.)},
	pages = {1--15},
	volume = {30},
	number = {1},
	doi = {10.2165/00007256-200030010-00001},
	note = {PMID: 10907753},
	langid = {eng}
}

@article{borg1970a,
	title = {Perceived exertion as an indicator of somatic stress},
	author = {Borg, G.},
	year = {1970},
	date = {1970},
	journal = {Scandinavian Journal of Rehabilitation Medicine},
	pages = {92--98},
	volume = {2},
	number = {2},
	note = {PMID: 5523831},
	langid = {eng}
}

@article{borg1970,
	title = {Perceived exertion as an indicator of somatic stress},
	author = {Borg, G.},
	year = {1970},
	date = {1970},
	journal = {Scandinavian Journal of Rehabilitation Medicine},
	pages = {92--98},
	volume = {2},
	number = {2},
	note = {PMID: 5523831},
	langid = {eng}
}

@article{thevenet2007a,
	title = {Influence of exercise intensity on time spent at high percentage of maximal oxygen uptake during an intermittent session in young endurance-trained athletes},
	author = {{Thevenet}, {Delphine} and {Tardieu}, {Magaly} and {Zouhal}, {Hassane} and {Jacob}, {Christophe} and {Abderrahman}, {Ben Abderraouf} and {Prioux}, {Jacques}},
	year = {2007},
	month = {11},
	date = {2007-11-05},
	journal = {European Journal of Applied Physiology},
	pages = {19--26},
	volume = {102},
	number = {1},
	doi = {10.1007/s00421-007-0540-6},
	url = {http://link.springer.com/10.1007/s00421-007-0540-6},
	langid = {en}
}

@article{wakefield2009,
	title = {Influence of Work-Interval Intensity and Duration on Time Spent at a High Percentage of JOURNAL/jscr/04.03/00124278-200912000-00017/OV0312{\_}5/v/2021-02-09T093646Z/r/image-png O2max During Intermittent Supramaximal Exercise},
	author = {{Wakefield}, {Benjamin R} and {Glaister}, {Mark}},
	year = {2009},
	month = {12},
	date = {2009-12},
	journal = {Journal of Strength and Conditioning Research},
	pages = {2548--2554},
	volume = {23},
	number = {9},
	doi = {10.1519/JSC.0b013e3181bc19b1},
	url = {https://journals.lww.com/00124278-200912000-00017},
	langid = {en}
}

@article{billat2001,
	title = {Very Short (15 s - 15 s) Interval-Training Around the Critical Velocity Allows Middle-Aged Runners to Maintain V{\textperiodcentered}O {\textsubscript{2}} max for 14 minutes},
	author = {{Billat}, {V.} and {Slawinksi}, {J.} and {Bocquet}, {V.} and {Chassaing}, {P.} and {Demarle}, {A.} and {Koralsztein}, {J.}},
	year = {2001},
	month = {12},
	date = {2001-12-31},
	journal = {International Journal of Sports Medicine},
	pages = {201--208},
	volume = {22},
	number = {03},
	doi = {10.1055/s-2001-16389},
	url = {http://www.thieme-connect.de/DOI/DOI?10.1055/s-2001-16389},
	langid = {en}
}

@article{billat2000,
	title = {Intermittent runs at the velocity associated with maximal oxygen uptake enables subjects to remain at maximal oxygen uptake for a longer time than intense but submaximal runs},
	author = {{Billat}, {Véronique L.} and {Slawinski}, {Jean} and {Bocquet}, {Valery} and {Demarle}, {Alexandre} and {Lafitte}, {Laurent} and {Chassaing}, {Patrick} and {Koralsztein}, {Jean-Pierre}},
	year = {2000},
	month = {01},
	date = {2000-01-01},
	journal = {European Journal of Applied Physiology},
	pages = {188--196},
	volume = {81},
	number = {3},
	doi = {10.1007/s004210050029},
	url = {http://link.springer.com/10.1007/s004210050029}
}

@article{dupont2002a,
	title = {Critical Velocity and Time Spent at a High Level of for Short Intermittent Runs at Supramaximal Velocities},
	author = {{Dupont}, {Grégory} and {Blondel}, {Nicolas} and {Lensel}, {Ghislaine} and {Berthoin}, {Serge}},
	year = {2002},
	month = {04},
	date = {2002-04-01},
	journal = {Canadian Journal of Applied Physiology},
	pages = {103--115},
	volume = {27},
	number = {2},
	doi = {10.1139/h02-008},
	url = {http://www.nrcresearchpress.com/doi/10.1139/h02-008},
	langid = {en}
}

@article{thevenet2007,
	title = {Influence of exercise intensity on time spent at high percentage of maximal oxygen uptake during an intermittent session in young endurance-trained athletes},
	author = {{Thevenet}, {Delphine} and {Tardieu}, {Magaly} and {Zouhal}, {Hassane} and {Jacob}, {Christophe} and {Abderrahman}, {Ben Abderraouf} and {Prioux}, {Jacques}},
	year = {2007},
	month = {11},
	date = {2007-11-05},
	journal = {European Journal of Applied Physiology},
	pages = {19--26},
	volume = {102},
	number = {1},
	doi = {10.1007/s00421-007-0540-6},
	url = {http://link.springer.com/10.1007/s00421-007-0540-6},
	langid = {en}
}

@article{dupont2002,
	title = {Critical Velocity and Time Spent at a High Level of for Short Intermittent Runs at Supramaximal Velocities},
	author = {{Dupont}, {Grégory} and {Blondel}, {Nicolas} and {Lensel}, {Ghislaine} and {Berthoin}, {Serge}},
	year = {2002},
	month = {04},
	date = {2002-04-01},
	journal = {Canadian Journal of Applied Physiology},
	pages = {103--115},
	volume = {27},
	number = {2},
	doi = {10.1139/h02-008},
	url = {http://www.nrcresearchpress.com/doi/10.1139/h02-008},
	langid = {en}
}

@book{hulley2013,
	title = {Designing clinical research},
	author = {Hulley, Stephen B.},
	year = {2013},
	date = {2013},
	edition = {4th ed.},
	note = {Book Title: Designing clinical research},
	address = {Lippincott Williams & Wilkins},
	langid = {eng}
}

@book{okasha2016,
	title = {Philosophy of Science: A Very Short Introduction (2nd ed.)},
	author = {Okasha, Samir},
	year = {2016},
	date = {2016}
}

@book{hempel1966,
	title = {Philosophy of Natural Science. Princeton: Prentice Hall},
	author = {Hempel, Carl},
	year = {1966},
	date = {1966}
}

@article{borg1970,
	title = {Perceived exertion as an indicator of somatic stress},
	author = {Borg, G.},
	year = {1970},
	date = {1970},
	journal = {Scandinavian Journal of Rehabilitation Medicine},
	pages = {92--98},
	volume = {2},
	number = {2},
	note = {PMID: 5523831},
	langid = {eng}
}

@article{bird2020,
	title = {Understanding the Replication Crisis as a Base Rate Fallacy},
	author = {Bird, Alexander},
	year = {2020},
	month = {12},
	date = {2020-12-17},
	journal = {The British Journal for the Philosophy of Science},
	pages = {000--000},
	doi = {10.1093/bjps/axy051},
	url = {https://www.journals.uchicago.edu/doi/10.1093/bjps/axy051},
	langid = {en}
}

@article{baker2016,
	title = {1,500 scientists lift the lid on reproducibility},
	author = {Baker, Monya},
	year = {2016},
	month = {05},
	date = {2016-05-01},
	journal = {Nature},
	pages = {452--454},
	volume = {533},
	number = {7604},
	doi = {10.1038/533452a},
	url = {https://www.nature.com/articles/533452a},
	note = {Bandiera{\_}abtest: a
Cg{\_}type: Nature Research Journals
Number: 7604
Primary{\_}atype: News
Publisher: Nature Publishing Group
Subject{\_}term: Peer review;Publishing;Research management
Subject{\_}term{\_}id: peer-review;publishing;research-management},
	langid = {en}
}

@article{kraemer2002,
	title = {Resistance Training for Health and Performance},
	author = {Kraemer, William J. and Ratamess, Nicholas A. and French, Duncan N.},
	year = {2002},
	month = {06},
	date = {2002-06},
	journal = {Current Sports Medicine Reports},
	pages = {165{\textendash}171},
	volume = {1},
	number = {3},
	url = {https://journals.lww.com/acsm-csmr/Abstract/2002/06000/Resistance_Training_for_Health_and_Performance.7.aspx},
	langid = {canadian}
}

@article{krieger2010,
	title = {Single vs. Multiple Sets of Resistance Exercise for Muscle Hypertrophy: A Meta-Analysis},
	author = {Krieger, James W.},
	year = {2010},
	month = {04},
	date = {2010-04},
	journal = {The Journal of Strength & Conditioning Research},
	pages = {1150{\textendash}1159},
	volume = {24},
	number = {4},
	doi = {10.1519/JSC.0b013e3181d4d436},
	url = {https://journals.lww.com/nsca-jscr/Fulltext/2010/04000/Single_vs__Multiple_Sets_of_Resistance_Exercise.36.aspx},
	langid = {canadian}
}

@article{hass2001,
	title = {Prescription of resistance training for healthy populations},
	author = {Hass, C. J. and Feigenbaum, M. S. and Franklin, B. A.},
	year = {2001},
	date = {2001},
	journal = {Sports Medicine (Auckland, N.Z.)},
	pages = {953--964},
	volume = {31},
	number = {14},
	doi = {10.2165/00007256-200131140-00001},
	note = {PMID: 11735680},
	langid = {eng}
}

@article{carpinelli1998,
	title = {Strength Training},
	author = {Carpinelli, Ralph N. and Otto, Robert M.},
	year = {1998},
	month = {08},
	date = {1998-08-01},
	journal = {Sports Medicine},
	pages = {73--84},
	volume = {26},
	number = {2},
	doi = {10.2165/00007256-199826020-00002},
	url = {https://doi.org/10.2165/00007256-199826020-00002},
	langid = {en}
}

@article{galvão2005,
	title = {Resistance Exercise Dosage in Older Adults: Single- Versus Multiset Effects on Physical Performance and Body Composition},
	author = {{Galvão}, Daniel A. and Taaffe, Dennis R.},
	year = {2005},
	date = {2005},
	journal = {Journal of the American Geriatrics Society},
	pages = {2090--2097},
	volume = {53},
	number = {12},
	doi = {10.1111/j.1532-5415.2005.00494.x},
	url = {https://onlinelibrary.wiley.com/doi/abs/10.1111/j.1532-5415.2005.00494.x},
	note = {{\_}eprint: https://onlinelibrary.wiley.com/doi/pdf/10.1111/j.1532-5415.2005.00494.x},
	langid = {en}
}

@article{humburg2007,
	title = {1-Set vs. 3-set resistance training: a crossover study},
	author = {Humburg, Hartmut and Baars, Hartmut and {Schröder}, Jan and Reer, {Rüdiger} and Braumann, Klaus-Michael},
	year = {2007},
	month = {05},
	date = {2007-05},
	journal = {Journal of Strength and Conditioning Research},
	pages = {578--582},
	volume = {21},
	number = {2},
	doi = {10.1519/R-21596.1},
	note = {PMID: 17530985},
	langid = {eng}
}

@article{humburg2007a,
	title = {1-Set vs. 3-set resistance training: a crossover study},
	author = {Humburg, Hartmut and Baars, Hartmut and {Schröder}, Jan and Reer, {Rüdiger} and Braumann, Klaus-Michael},
	year = {2007},
	month = {05},
	date = {2007-05},
	journal = {Journal of Strength and Conditioning Research},
	pages = {578--582},
	volume = {21},
	number = {2},
	doi = {10.1519/R-21596.1},
	note = {PMID: 17530985},
	langid = {eng}
}

@article{galvão2005a,
	title = {Resistance Exercise Dosage in Older Adults: Single- Versus Multiset Effects on Physical Performance and Body Composition},
	author = {{Galvão}, Daniel A. and Taaffe, Dennis R.},
	year = {2005},
	date = {2005},
	journal = {Journal of the American Geriatrics Society},
	pages = {2090--2097},
	volume = {53},
	number = {12},
	doi = {10.1111/j.1532-5415.2005.00494.x},
	url = {https://onlinelibrary.wiley.com/doi/abs/10.1111/j.1532-5415.2005.00494.x},
	note = {{\_}eprint: https://onlinelibrary.wiley.com/doi/pdf/10.1111/j.1532-5415.2005.00494.x},
	langid = {en}
}

@article{carpinelli1998a,
	title = {Strength Training},
	author = {Carpinelli, Ralph N. and Otto, Robert M.},
	year = {1998},
	month = {08},
	date = {1998-08-01},
	journal = {Sports Medicine},
	pages = {73--84},
	volume = {26},
	number = {2},
	doi = {10.2165/00007256-199826020-00002},
	url = {https://doi.org/10.2165/00007256-199826020-00002},
	langid = {en}
}

@article{reid1987,
	title = {Weight training and strength, cardiorespiratory functioning and body composition of men.},
	author = {Reid, C. M. and Yeater, R. A. and Ullrich, I. H.},
	year = {1987},
	month = {03},
	date = {1987-03-01},
	journal = {British Journal of Sports Medicine},
	pages = {40--44},
	volume = {21},
	number = {1},
	doi = {10.1136/bjsm.21.1.40},
	url = {https://bjsm.bmj.com/content/21/1/40},
	note = {Publisher: British Association of Sport and Excercise Medicine
Section: Research Article
PMID: 3580729},
	langid = {en}
}

@article{galvão2005b,
	title = {Resistance Exercise Dosage in Older Adults: Single- Versus Multiset Effects on Physical Performance and Body Composition},
	author = {{Galvão}, Daniel A. and Taaffe, Dennis R.},
	year = {2005},
	date = {2005},
	journal = {Journal of the American Geriatrics Society},
	pages = {2090--2097},
	volume = {53},
	number = {12},
	doi = {10.1111/j.1532-5415.2005.00494.x},
	url = {https://onlinelibrary.wiley.com/doi/abs/10.1111/j.1532-5415.2005.00494.x},
	note = {{\_}eprint: https://onlinelibrary.wiley.com/doi/pdf/10.1111/j.1532-5415.2005.00494.x},
	langid = {en}
}

@article{kraemer2002a,
	title = {Resistance Training for Health and Performance},
	author = {Kraemer, William J. and Ratamess, Nicholas A. and French, Duncan N.},
	year = {2002},
	month = {06},
	date = {2002-06},
	journal = {Current Sports Medicine Reports},
	pages = {165{\textendash}171},
	volume = {1},
	number = {3},
	url = {https://journals.lww.com/acsm-csmr/Abstract/2002/06000/Resistance_Training_for_Health_and_Performance.7.aspx},
	langid = {canadian}
}

@article{hass2001a,
	title = {Prescription of resistance training for healthy populations},
	author = {Hass, C. J. and Feigenbaum, M. S. and Franklin, B. A.},
	year = {2001},
	date = {2001},
	journal = {Sports Medicine (Auckland, N.Z.)},
	pages = {953--964},
	volume = {31},
	number = {14},
	doi = {10.2165/00007256-200131140-00001},
	note = {PMID: 11735680},
	langid = {eng}
}

@article{krieger2010a,
	title = {Single vs. Multiple Sets of Resistance Exercise for Muscle Hypertrophy: A Meta-Analysis},
	author = {Krieger, James W.},
	year = {2010},
	month = {04},
	date = {2010-04},
	journal = {The Journal of Strength & Conditioning Research},
	pages = {1150{\textendash}1159},
	volume = {24},
	number = {4},
	doi = {10.1519/JSC.0b013e3181d4d436},
	url = {https://journals.lww.com/nsca-jscr/Fulltext/2010/04000/Single_vs__Multiple_Sets_of_Resistance_Exercise.36.aspx},
	langid = {canadian}
}

@article{carpinelli1998c,
	title = {Strength Training},
	author = {Carpinelli, Ralph N. and Otto, Robert M.},
	year = {1998},
	month = {08},
	date = {1998-08-01},
	journal = {Sports Medicine},
	pages = {73--84},
	volume = {26},
	number = {2},
	doi = {10.2165/00007256-199826020-00002},
	url = {https://doi.org/10.2165/00007256-199826020-00002},
	langid = {en}
}

@article{galvão2005c,
	title = {Resistance Exercise Dosage in Older Adults: Single- Versus Multiset Effects on Physical Performance and Body Composition},
	author = {{Galvão}, Daniel A. and Taaffe, Dennis R.},
	year = {2005},
	date = {2005},
	journal = {Journal of the American Geriatrics Society},
	pages = {2090--2097},
	volume = {53},
	number = {12},
	doi = {10.1111/j.1532-5415.2005.00494.x},
	url = {https://onlinelibrary.wiley.com/doi/abs/10.1111/j.1532-5415.2005.00494.x},
	note = {{\_}eprint: https://onlinelibrary.wiley.com/doi/pdf/10.1111/j.1532-5415.2005.00494.x},
	langid = {en}
}

@article{humburg2007b,
	title = {1-Set vs. 3-set resistance training: a crossover study},
	author = {Humburg, Hartmut and Baars, Hartmut and {Schröder}, Jan and Reer, {Rüdiger} and Braumann, Klaus-Michael},
	year = {2007},
	month = {05},
	date = {2007-05},
	journal = {Journal of Strength and Conditioning Research},
	pages = {578--582},
	volume = {21},
	number = {2},
	doi = {10.1519/R-21596.1},
	note = {PMID: 17530985},
	langid = {eng}
}

@article{galvão2005e,
	title = {Resistance Exercise Dosage in Older Adults: Single- Versus Multiset Effects on Physical Performance and Body Composition},
	author = {{Galvão}, Daniel A. and Taaffe, Dennis R.},
	year = {2005},
	date = {2005},
	journal = {Journal of the American Geriatrics Society},
	pages = {2090--2097},
	volume = {53},
	number = {12},
	doi = {10.1111/j.1532-5415.2005.00494.x},
	url = {https://onlinelibrary.wiley.com/doi/abs/10.1111/j.1532-5415.2005.00494.x},
	note = {{\_}eprint: https://onlinelibrary.wiley.com/doi/pdf/10.1111/j.1532-5415.2005.00494.x},
	langid = {en}
}

@article{humburg2007c,
	title = {1-Set vs. 3-set resistance training: a crossover study},
	author = {Humburg, Hartmut and Baars, Hartmut and {Schröder}, Jan and Reer, {Rüdiger} and Braumann, Klaus-Michael},
	year = {2007},
	month = {05},
	date = {2007-05},
	journal = {Journal of Strength and Conditioning Research},
	pages = {578--582},
	volume = {21},
	number = {2},
	doi = {10.1519/R-21596.1},
	note = {PMID: 17530985},
	langid = {eng}
}

@article{carpinelli1998d,
	title = {Strength Training},
	author = {Carpinelli, Ralph N. and Otto, Robert M.},
	year = {1998},
	month = {08},
	date = {1998-08-01},
	journal = {Sports Medicine},
	pages = {73--84},
	volume = {26},
	number = {2},
	doi = {10.2165/00007256-199826020-00002},
	url = {https://doi.org/10.2165/00007256-199826020-00002},
	langid = {en}
}

@article{carpinelli1998b,
	title = {Strength Training},
	author = {Carpinelli, Ralph N. and Otto, Robert M.},
	year = {1998},
	month = {08},
	date = {1998-08-01},
	journal = {Sports Medicine},
	pages = {73--84},
	volume = {26},
	number = {2},
	doi = {10.2165/00007256-199826020-00002},
	url = {https://doi.org/10.2165/00007256-199826020-00002},
	langid = {en}
}

@article{reid1987a,
	title = {Weight training and strength, cardiorespiratory functioning and body composition of men.},
	author = {Reid, C. M. and Yeater, R. A. and Ullrich, I. H.},
	year = {1987},
	month = {03},
	date = {1987-03-01},
	journal = {British Journal of Sports Medicine},
	pages = {40--44},
	volume = {21},
	number = {1},
	doi = {10.1136/bjsm.21.1.40},
	url = {https://bjsm.bmj.com/content/21/1/40},
	note = {Publisher: British Association of Sport and Excercise Medicine
Section: Research Article
PMID: 3580729},
	langid = {en}
}

@article{galvão2005d,
	title = {Resistance Exercise Dosage in Older Adults: Single- Versus Multiset Effects on Physical Performance and Body Composition},
	author = {{Galvão}, Daniel A. and Taaffe, Dennis R.},
	year = {2005},
	date = {2005},
	journal = {Journal of the American Geriatrics Society},
	pages = {2090--2097},
	volume = {53},
	number = {12},
	doi = {10.1111/j.1532-5415.2005.00494.x},
	url = {https://onlinelibrary.wiley.com/doi/abs/10.1111/j.1532-5415.2005.00494.x},
	note = {{\_}eprint: https://onlinelibrary.wiley.com/doi/pdf/10.1111/j.1532-5415.2005.00494.x},
	langid = {en}
}

@article{humburg2007d,
	title = {1-Set vs. 3-set resistance training: a crossover study},
	author = {Humburg, Hartmut and Baars, Hartmut and {Schröder}, Jan and Reer, {Rüdiger} and Braumann, Klaus-Michael},
	year = {2007},
	month = {05},
	date = {2007-05},
	journal = {Journal of Strength and Conditioning Research},
	pages = {578--582},
	volume = {21},
	number = {2},
	doi = {10.1519/R-21596.1},
	note = {PMID: 17530985},
	langid = {eng}
}

@article{humburg2007e,
	title = {1-Set vs. 3-set resistance training: a crossover study},
	author = {Humburg, Hartmut and Baars, Hartmut and {Schröder}, Jan and Reer, {Rüdiger} and Braumann, Klaus-Michael},
	year = {2007},
	month = {05},
	date = {2007-05},
	journal = {Journal of Strength and Conditioning Research},
	pages = {578--582},
	volume = {21},
	number = {2},
	doi = {10.1519/R-21596.1},
	note = {PMID: 17530985},
	langid = {eng}
}

